101 281073555 4719343191503061213A094101PULASKI BANK           ZIPLINE LABS INC.      #A000001
5220ZIPLINE LABS INC                    0471934319WEBZIP TRANSFMAR 9 150309   1281073550000087
637081000210123456789012345670000003521RAJ##23920RJF31MIKE JOKER            A10281073550000000
6270810002105654221          0000002300RAJ##32B1KN1BB3MELANIE GIBSON        A10281073550000001
6320810002105654221          0000002499RAJ##32B1KN1BB3ROGER PHLASTER        A10281073550000002
6220810002105654221          0000001000RAJ##32B1KN1BB3MARK RATHER           A10281073550000003
822000000400324000840000000058210000000034990471934319                         281073550000087
5220ZIPLINE LABS INC                    0471934319WEBZIP TRANSFMAR 18150318   1281073550000088
6220810002105654221          0000017500RAJ##32B1KN1BB3LUKE SKYWALKER        A10281073550000004
622081000210123456789012345670000003521RAJ##23920RJF31MARK STOVER           A10281073550000005
622081000210123456789012345670000003521RAJ##23920RJF31GLEN SELLE            A10281073550000006
622081000210123456789012345670000003521RAJ##23920RJF31JACK BLACK            A10281073550000007
622081000210123456789012345670000003521RAJ##23920RJF31GLEN SELLE            A10281073550000008
622081000210123456789012345670000003521RAJ##23920RJF31OTHER SYSTEMS         A10281073550000009
622081000210123456789012345670000003521RAJ##23920RJF31GLEN SELLE            A10281073550000010
822000000700567001470000000000000000000386260471934319                         281073550000088
5225ZIPLINE LABS INC                    0471934319PPDZIP TRANSFMAR 10150310   1281073550000089
622101000019923698412584     0000150400RAJ##23920RJF31TOM HORNER            A10281073550000011
622081000210123456789012345670000849121RAJ##23920RJF31JO SHMO               A10281073550000012
637081000210123456789012345670000034521RAJ##23920RJF31GLEN SELLE            A10281073550000013
627081000210123456789012345670000033521RAJ##23920RJF31NO LOGIC              A10281073550000014
627081000210123456789012345670000031521RAJ##23920RJF31OTHER ROCK            A10281073550000015
622081000210123456789012345670000003521RAJ##23920RJF31GLEN SELLE            A10281073550000016
622081000210123456789012345670000003521RAJ##23920RJF31GO IT 123             A10281073550000017
622081000210123456789012345670000033521RAJ##23920RJF31CHEEP TRICK           A10281073550000018
622081000210123456789012345670000003521RAJ##23920RJF31NOTOAMANA             A10281073550000019
627081000210123456789012345670000035421RAJ##23920RJF31NOT THE LINE          A10281073550000020
632081000210123456789012345670000031521RAJ##23920RJF31GLEN SELLE            A10281073550000021
822500001100911002110000001349840000010751260471934319                         281073550000089
9000003000004000000220180200442000000140805000001117251                                       
9999999999999999999999999999999999999999999999999999999999999999999999999999999999999999999999
9999999999999999999999999999999999999999999999999999999999999999999999999999999999999999999999
9999999999999999999999999999999999999999999999999999999999999999999999999999999999999999999999
9999999999999999999999999999999999999999999999999999999999999999999999999999999999999999999999
9999999999999999999999999999999999999999999999999999999999999999999999999999999999999999999999
9999999999999999999999999999999999999999999999999999999999999999999999999999999999999999999999
9999999999999999999999999999999999999999999999999999999999999999999999999999999999999999999999
9999999999999999999999999999999999999999999999999999999999999999999999999999999999999999999999
9999999999999999999999999999999999999999999999999999999999999999999999999999999999999999999999
9999999999999999999999999999999999999999999999999999999999999999999999999999999999999999999999